<record><leader>00000cas a2200000 a 4500</leader><controlfield tag="001">34924448</controlfield><controlfield tag="008">960613d188u192umiuwr ne      0    0eng c</controlfield><datafield ind1=" " ind2=" " tag="010"><subfield code="a">sn 96076705 </subfield></datafield><datafield ind1=" " ind2=" " tag="040"><subfield code="a">MHN</subfield><subfield code="b">eng</subfield><subfield code="c">MHN</subfield><subfield code="d">OCL</subfield><subfield code="d">OCLCQ</subfield><subfield code="d">OCLCO</subfield></datafield><datafield ind1="1" ind2=" " tag="029"><subfield code="a">AU@</subfield><subfield code="b">000012570471</subfield></datafield><datafield ind1=" " ind2=" " tag="042"><subfield code="a">pcc</subfield></datafield><datafield ind1=" " ind2=" " tag="043"><subfield code="a">n-us-mi</subfield></datafield><datafield ind1="0" ind2=" " tag="130"><subfield code="a">Caledonia news (Caledonia, Mich. : 1887)</subfield></datafield><datafield ind1="1" ind2="4" tag="245"><subfield code="a">The Caledonia news.</subfield></datafield><datafield ind1=" " ind2=" " tag="260"><subfield code="a">Caledonia, Kent County, Mich. :</subfield><subfield code="b">J.W. Saunders</subfield></datafield><datafield ind1=" " ind2=" " tag="300"><subfield code="a">v.</subfield></datafield><datafield ind1=" " ind2=" " tag="310"><subfield code="a">Weekly</subfield></datafield><datafield ind1=" " ind2=" " tag="515"><subfield code="a">Issues also called: &lt;Vol. 2, no. 40 (Feb. 11, 1887)-v. 23, no. 38 (Feb. 20, 1908)&gt; ; &lt;24th yr., no. 48 (May 6, 1909)-36th yr., no. 47 (Apr. 21, 1921)&gt;.</subfield></datafield><datafield ind1=" " ind2=" " tag="580"><subfield code="a">Merged with: Middleville sun, to form: Middleville sun Caledonia news.</subfield></datafield><datafield ind1=" " ind2=" " tag="588"><subfield code="a">Description based on: Vol. 2, no. 40 (Feb. 11, 1887).</subfield></datafield><datafield ind1=" " ind2="0" tag="651"><subfield code="a">Caledonia (Kent County, Mich.)</subfield><subfield code="v">Newspapers.</subfield></datafield><datafield ind1=" " ind2="0" tag="651"><subfield code="a">Kent County (Mich.)</subfield><subfield code="v">Newspapers.</subfield></datafield><datafield ind1=" " ind2=" " tag="752"><subfield code="a">United States</subfield><subfield code="b">Michigan</subfield><subfield code="c">Kent</subfield><subfield code="d">Caledonia.</subfield></datafield><datafield ind1="1" ind2="7" tag="785"><subfield code="t">Middleville sun (Middleville, Mich. : 1891)</subfield><subfield code="w">(DLC)sn 96076711</subfield><subfield code="w">(OCoLC)34924240</subfield></datafield><datafield ind1="1" ind2="7" tag="785"><subfield code="t">Middleville sun Caledonia news</subfield><subfield code="w">(DLC)sn 96076706</subfield><subfield code="w">(OCoLC)34924577</subfield></datafield></record>